@INPROCEEDINGS{4755918,
author={R. Mohan and N. Radhakrishnan and A. Kelkar and V. Thomas},
booktitle={2008 DoD HPCMP Users Group Conference},
title={Educating the Educator: High Performance Computing Training Workshop for Faculty from Under-Represented and Minority Serving Institutions},
year={2008},
pages={517-521},
keywords={computer based training;computer science education;continuing education;educational institutions;engineering education;teacher training;Department of Defense;High Performance Computing Modernization Office Program Outreach;JEOM;Joint Educational Opportunities for Minorities;North Carolina A&T State University;computational science and engineering;computational science graduate program;educator workshop;engineering graduate program;faculty training;high performance computing training workshop;minority serving institutions;minority undergraduate students;minority university;under-represented population},
doi={10.1109/DoD.HPCMP.UGC.2008.60},
month={July},}
